<record><leader>00000cas a22000007a 4500</leader><controlfield tag="001">20335822</controlfield><controlfield tag="008">890913d19401941mauwr ne      0    0eng d</controlfield><datafield ind1=" " ind2=" " tag="010"><subfield code="a">sn 89062183 </subfield></datafield><datafield ind1=" " ind2=" " tag="040"><subfield code="a">MGN</subfield><subfield code="b">eng</subfield><subfield code="c">MGN</subfield><subfield code="d">OCLCQ</subfield></datafield><datafield ind1=" " ind2=" " tag="042"><subfield code="a">msc</subfield></datafield><datafield ind1="0" ind2=" " tag="130"><subfield code="a">Everett leader (Everett, Mass.)</subfield></datafield><datafield ind1="1" ind2="0" tag="245"><subfield code="a">Everett leader.</subfield></datafield><datafield ind1="3" ind2="0" tag="246"><subfield code="a">Everett twin city leader</subfield></datafield><datafield ind1=" " ind2=" " tag="260"><subfield code="a">Everett, Mass. :</subfield><subfield code="b">[s.n.]</subfield></datafield><datafield ind1=" " ind2=" " tag="300"><subfield code="a">v.</subfield></datafield><datafield ind1=" " ind2=" " tag="310"><subfield code="a">Weekly</subfield></datafield><datafield ind1="0" ind2=" " tag="362"><subfield code="a">Vol. 2, no. 20 (May 16, 1940)-v. 3, no. 36 (Sept 4, 1941).</subfield></datafield><datafield ind1=" " ind2=" " tag="500"><subfield code="a">"Twin city" appears in masthead ornament.</subfield></datafield><datafield ind1=" " ind2=" " tag="500"><subfield code="a">Published simultaneously in Chelsea, Mass.</subfield></datafield><datafield ind1=" " ind2=" " tag="752"><subfield code="a">United States</subfield><subfield code="b">Massachusetts</subfield><subfield code="c">Middlesex</subfield><subfield code="d">Everett.</subfield></datafield><datafield ind1=" " ind2=" " tag="752"><subfield code="a">United States</subfield><subfield code="b">Massachusetts</subfield><subfield code="c">Middlesex</subfield><subfield code="d">Chelsea.</subfield></datafield><datafield ind1="0" ind2="0" tag="780"><subfield code="t">Twin-city leader</subfield><subfield code="w">(DLC)sn 89062184</subfield></datafield><datafield ind1="0" ind2="7" tag="785"><subfield code="t">Everett herald and republican</subfield><subfield code="w">(DLC)sn 89062172</subfield></datafield><datafield ind1="0" ind2="7" tag="785"><subfield code="t">Everett leader herald</subfield><subfield code="w">(DLC)sn 89062182</subfield></datafield></record>